<?xml version="1.0" encoding="UTF-8"?><collection xmlns="http://www.loc.gov/MARC21/slim"><record><leader>00451nam--2200145-i-4500</leader><controlfield tag="001">000017912</controlfield><controlfield tag="002">20161230</controlfield><controlfield tag="005">20161230201032</controlfield><controlfield tag="008">060222s1000------------r-----000-0-eng-d</controlfield><datafield ind1=" " ind2=" " tag="080"><subfield code="a">801.323.1=20:802.0</subfield></datafield><datafield ind1=" " ind2=" " tag="100"><subfield code="a">Fowler, H.W</subfield></datafield><datafield ind1=" " ind2=" " tag="245"><subfield code="a">The concise oxford dictionary of current english.4-th edition revised by mcintosh, e</subfield></datafield><datafield ind1=" " ind2=" " tag="260"><subfield code="a">Oxford, At The Clarendon Press, 1956. Xvi + 1536 P.Cu Fig</subfield></datafield><datafield ind1=" " ind2=" " tag="700"><subfield code="a">Fowler, H.W., Fowler, F.G</subfield></datafield><datafield ind1=" " ind2=" " tag="852"><subfield code="a">D.105</subfield></datafield></record></collection>